% This file was created with JabRef 2.9.2.
% Encoding: Cp1250

Wikipedia Reddit: http://en.wikipedia.org/wiki/Reddit
Reddit API: https://www.reddit.com/dev/api

